4058 5656
1006 187 1030 254 8

224 405 295 478 Hic
322 429 471 500 quoque
497 403 585 474 fons
613 414 669 474 est
693 403 873 498 postulati
899 401 1037 493 illius*)
1064 400 1112 474 M.
1131 402 1286 490 Aurelii,
1314 413 1355 474 ut
1383 401 1498 473 homo
1526 398 1575 471 ad
1602 425 1642 473 se
1669 401 1788 499 ipsum
1818 428 1974 502 semper

64 559 105 626 se
133 533 298 628 recipiat.

369 987 429 1059 lll.
483 987 667 1058 Animans
695 987 841 1058 ratione
869 1011 1026 1082 compos
1053 987 1241 1080 singulare
1270 1013 1342 1083 qua
1370 1013 1456 1083 pars
1484 989 1661 1060 universi.

223 1186 339 1261 Stoici
367 1212 428 1259 res
456 1213 588 1258 omnes
616 1171 769 1281 prorsus
798 1211 844 1259 ex
872 1187 954 1280 lege
983 1165 1159 1260 universa
1186 1187 1315 1259 mundi
1344 1188 1509 1282 pendere
1529 1192 1744 1264 censebant.
1772 1197 1974 1294 Εἱμαρμένη

60 1316 125 1387 illa
169 1314 268 1411 apud
314 1341 379 1386 eos
420 1340 552 1387 omnes
594 1340 654 1386 res
682 1316 850 1408 regebat.
903 1314 1008 1387 Haec
1035 1327 1160 1389 aut-em
1190 1330 1246 1388 est
1274 1317 1485 1388 substantia
1512 1328 1621 1412 atque
1652 1319 1797 1390 animus
1825 1317 1970 1407 mundi,

61 1443 185 1531 Quum
215 1469 262 1515 ex
289 1444 353 1514 illa
369 1446 495 1514 omnia
510 1445 721 1540 gignantur,
748 1455 895 1535 natura,
921 1469 1034 1540 quum
1049 1445 1130 1539 ipsa
1156 1443 1338 1515 mundum
1365 1456 1472 1540 regat
1491 1457 1600 1541 atque
1626 1447 1739 1518 rebus
1758 1445 1971 1542 provideat,

63 1571 315 1668 providentia,
345 1572 406 1643 vel
434 1571 544 1644 etiam
562 1570 777 1643 adsensum
805 1572 1024 1667 popularem
1053 1573 1340 1645 accommodate
1366 1573 1448 1654 Zais
1474 1574 1689 1669 appellatur.
1729 1570 1888 1645 Animus
1907 1572 1973 1647 vel

61 1701 157 1772 ratio
193 1700 324 1771 mundi
365 1699 439 1797 (vel
467 1699 574 1795 λόγος
600 1698 859 1803 σπερματικὸς)
899 1725 960 1773 res
1001 1701 1168 1797 singulas
1209 1702 1266 1773 sui
1296 1701 1499 1796 particulas
1528 1713 1698 1796 procreat
1726 1701 1882 1772 ethaeo
1910 1702 1971 1774 vis

58 1853 183 1900 rerum
214 1829 507 1901 substantiavel
536 1829 695 1900 nucleus
722 1841 790 1900 est.
844 1827 928 1901 Hoc
956 1839 1013 1900 eat
1040 1854 1169 1918 unum,
1198 1827 1297 1925 quod
1326 1841 1453 1900 manet
1480 1830 1516 1900 in
1546 1830 1755 1900 mutatione
1787 1841 1970 1926 perpetua

57 1979 197 2045 rerum,
224 1956 262 2028 in
290 1955 448 2028 transitu
473 1957 653 2027 materiae
680 1958 717 2028 in
747 1957 857 2028 aliam
885 1957 1058 2028 formam.

220 2084 265 2156 M.
295 2085 470 2156 Aurelius
499 2110 613 2180 quum
642 2086 848 2156 animantia
876 2085 1081 2181 singularia
1106 2082 1152 2154 ad
1173 2083 1390 2154 universnm
1409 2083 1560 2174 referat,
1588 2110 1739 2179 prorsus
1761 2099 1969 2184 systemate

57 2214 216 2312 physico
257 2211 409 2284 scholae
451 2239 539 2284 snae
579 2214 719 2284 nititur.
775 2212 935 2284 Inertiaa
964 2225 1075 2308 atque
1104 2212 1259 2284 vanitati
1286 2210 1529 2283 animantium
1573 2212 1817 2307 singulorum,
1841 2217 1967 2287 cursui

36 2331 240 2439 ¹perpetuo
269 2351 306 2411 et
333 2342 531 2412 mutationi
559 2365 683 2411 rerum
705 2341 938 2433 omnium**)
966 2339 1231 2412 meditationes
1251 2364 1337 2412 suas
1358 2337 1499 2410 ethicas
1519 2338 1776 2429 annectit,***)
1803 2339 1969 2439 Physica

59 2469 204 2541 ethices
232 2469 477 2540 fundamenta
506 2481 602 2539 sunt.
787 2451 789 2453 ¹

230 2596 353 2682 Quum
384 2597 510 2667 omnia
537 2621 612 2668 una
639 2597 722 2692 lege
752 2609 952 2693 regantur,
980 2598 1080 2693 quod
1109 2598 1287 2669 universo
1317 2595 1514 2684 conducat,
1544 2596 1689 2690 singulo
1720 2621 1858 2668 nocere
1888 2621 1967 2668 non

58 2725 244 2820 potest,†)
273 2727 378 2797 cuius
406 2725 523 2797 fatum
554 2727 734 2798 universo
762 2725 984 2822 implicitum
1013 2724 1158 2822 est·††)
1213 2723 1336 2812 Quum
1365 2739 1562 2820 praeterea
1589 2725 1792 2796 animantia
1819 2725 1966 2798 ratione

56 2852 228 2948 praedita
255 2855 381 2924 omnia
409 2856 483 2924 sint
512 2865 691 2950 cognata,
730 2854 911 2926 societate
938 2855 1037 2925 inter
1065 2879 1104 2927 se
1136 2854 1339 2924 coniuncta
1368 2851 1573 2948 sunt†††):
1628 2851 1690 2941 Vl,
1718 2855 1786 2927 tr:
1808 2852 1866 2931 'si
1892 2848 1970 2957 οῗςοι

56 2981 204 3078 οἱγοιθόι
231 2985 292 3060 rol
317 2985 459 3077 λογικοῧ
484 2978 570 3078 {aloc
596 2987 759 3072 κοινωνία,
799 2979 881 3072 Vll,
909 2985 976 3055 55:
1031 2982 1082 3062 τοὶ
1109 2975 1143 3061 <li
1169 2980 1302 3078 λογικοί
1327 2979 1494 3072 οὶλλῆλωι
1522 2988 1638 3071 ἕνεκεν,
1676 2979 1737 3069 ῙΧ,
1769 2980 1833 3054 27:
1862 2980 1969 3078 φύσει

57 3109 133 3209 ‘yde
160 3108 301 3211 oltrocl)
1788 3216 1791 3221 ἠ

218 3237 273 3309 lta
314 3252 444 3308 auctor
485 3250 615 3310 noster
641 3239 823 3334 imprimis
851 3237 944 3310 duas
974 3237 1042 3308 has
1070 3263 1131 3309 res
1158 3238 1345 3332 postulat:
1387 3238 1611 3332 utquisque
1640 3237 1815 3307 universo
1845 3261 1969 3331 aequo

57 3369 184 3438 animo
213 3391 253 3436 se
282 3368 474 3461 permittat
500 3378 611 3462 atque
639 3379 679 3438 ut
709 3366 915 3438 animantia
943 3366 1091 3462 singula
1118 3366 1298 3437 societate
1329 3390 1369 3435 se
1398 3365 1629 3458 contingant.
1686 3363 1786 3450 Quas
1814 3389 1874 3436 res
1894 3365 1969 3436 sin·

57 3493 210 3588 gulatim
241 3496 498 3566 tractabimus·

214 3649 244 3693 a.
272 3623 486 3694 Animantia
513 3623 718 3712 rationalis,
744 3623 919 3710 hominis,
948 3622 1112 3692 officium
1131 3633 1187 3690 est
1201 3621 1379 3691 universo
1409 3621 1633 3715 seiungere,
1663 3626 1773 3717 atquc
1795 3622 1970 3718 quidem:

55 3877 481 3888 —-—-——-.-.....---

173 4076 205 4164 1*)
228 4086 264 4140 cf.
288 4087 423 4153 Zallar,
447 4088 467 4143 l.
493 4106 531 4155 o.,
555 4106 582 4158 p.
620 4093 688 4142 682.
712 4113 753 4125 --
781 4085 869 4154 VIII,
904 4095 962 4141 48:
996 4096 1150 4160 Μέμνησο,
1174 4083 1219 4140 ὅτι
1241 4082 1470 4159 incrapulatus
1491 4093 1604 4157 γίνεται
1625 4083 1659 4139 ιδ
1682 4082 1872 4159 ἡγεμονικόν,
1895 4084 1971 4142 ὅταν

230 4190 271 4247 εἰς
292 4183 378 4242 tauro
402 4188 574 4261 συστραφέν
597 4185 711 4263 ἆρκεθῆ
743 4191 853 4261 ἑαυτῷ,
875 4185 916 4263 μή
940 4194 1075 4242 ποιοῦντι
1096 4186 1111 4239 ii
1133 4183 1175 4262 μή
1197 4190 1287 4242 θέλει.
1312 4185 1402 4241 οῦδὲν
1423 4183 1480 4261 γιὶρ
1505 4184 1688 4261 ὅχορότερον
1711 4190 1775 4259 ἔχει
1798 4184 1971 4262 ἄνθρωπος,

229 4285 276 4359 ἐφ’
308 4285 323 4340 3
358 4285 536 4360 καταφυγών
572 4285 720 4349 ἀνάλωτος
767 4286 874 4343 λοιπᾶν
908 4287 945 4342 ἂν
978 4293 1032 4356 riq.
1068 4287 1164 4362 ὃμὲν
1198 4285 1252 4342 οὖν
1283 4285 1324 4362 μή
1347 4284 1484 4362 ἑωρακώς
1512 4291 1608 4358 τοῦτο,
1632 4285 1754 4363 ἀμαθής.
1799 4289 1834 4342 of.
1856 4289 1910 4345 IV.
1940 4297 1968 4344 3.

231 4389 300 4454 vn,
326 4391 369 4441 aa.

154 4481 205 4562 **)
230 4492 339 4556 v211,
367 4497 412 4555 12,
439 4498 485 4556 14,
509 4492 561 4556 IV,
586 4498 634 4555 as,
659 4498 709 4546 la.
736 4494 771 4558 v,
796 4498 844 4557 aa,
867 4495 919 4558 vl,
947 4501 992 4559 rr,
1014 4495 1084 4558 vll,
1110 4497 1156 4557 ro,
1179 4499 1209 4545 ec
1230 4492 1350 4560 saepius.

135 4580 207 4668 m)
229 4594 264 4645 cf.
286 4591 418 4657 Zeller,
441 4592 459 4644 l.
482 4609 516 4656 c..
539 4611 565 4661 p.
592 4599 660 4646 678.
684 4611 745 4665 sqq.
770 4620 807 4630 -
831 4594 867 4660 V,
895 4602 941 4648 13.
968 4595 1021 4659 VI,
1049 4600 1095 4647 15.
1118 4595 1156 4659 Χ,
1182 4600 1229 4660 31,
1252 4601 1280 4647 et
1302 4592 1422 4663 saepius.
1493 4597 1496 4602 '

164 4684 203 4768 †)
225 4693 266 4758 II,
291 4699 324 4746 ³:
362 4693 447 4746 παντὶ
470 4695 502 4746 δὲ
527 4690 644 4764 φύσεως
665 4697 751 4770 pipat
775 4693 891 4766 ἀγαθόν
917 4695 932 4748 ὃ
958 4702 1048 4770 φέρει
1071 4692 1086 4762 ἦ
1112 4699 1162 4749 τοῦ
1187 4691 1255 4748 ὅλου
1279 4690 1377 4766 φύσις,
1401 4695 1448 4747 καὶ
1470 4691 1485 4746 ii
1510 4695 1624 4759 ἐκείνης
1647 4693 1707 4746 ἐστὶ
1730 4688 1885 4745 amorraeis.
1915 4701 1966 4748 17.

230 4791 322 4848 οῦδὲν
345 4795 378 4847 δὲ·
401 4791 493 4847 κακδν
517 4792 588 4849 sarri
613 4792 714 4867 φύσιν.

145 4888 213 4972 ††)
233 4897 305 4950 VII.
334 4902 359 4949 9.
382 4887 486 4950 narra
505 4895 639 4964 ἀλλήλοις
666 4901 883 4953 euenturum.
901 4927 937 4934 —
964 4895 1087 4972 Κόσμος
1109 4918 1138 4952 τε
1160 4891 1220 4970 γοῖρ
1245 4896 1286 4956 εἷς
1310 4893 1360 4949 dri
1381 4892 1529 4962 ἁπάντων,
1552 4895 1599 4947 ml
1621 4890 1688 4955 θοός
1709 4889 1753 4956 εἷς
1774 4891 1825 4948 διά
1847 4891 1970 4951 πάντων

234 4999 281 5050 καὶ
304 4995 390 5051 ου’σίιι
411 5006 475 5070 μία,
500 5000 547 5052 καὶ
570 4996 664 5072 νόμος
689 4999 740 5067 εἷς,
763 4996 851 5071 λόγος
873 4997 974 5060 uosvis
998 4996 1117 5056 πάντων
1139 5005 1198 5054 τῶν
1221 5004 1337 5072 scapeia
1361 4994 1454 5064 ζώων,
1477 4999 1526 5050 καὶ
1546 4992 1671 5064 ἀλήθεια
1691 5005 1753 5071 μία.

122 5092 202 5170 †††)
226 5099 355 5165 Zollsr,
378 5101 396 5153 l.
419 5118 453 5166 c.,
475 5120 505 5172 p.
532 5108 609 5153 266:
654 5099 753 5154 Dieses
767 5101 955 5154 Bawusatsein
977 5121 1031 5156 von
1054 5103 1105 5154 der
1128 5098 1469 5171 Zusammengehorigkeit
1491 5098 1561 5153 aller
1582 5098 1775 5169 varnsmftigen
1794 5099 1894 5153 Wesen
1917 5101 1970 5154 hat

228 5202 396 5255 namentlioh
418 5205 489 5257 noch
511 5204 561 5256 dar
585 5204 670 5256 letata
692 5203 742 5257 der
765 5204 885 5269 Stoilxer,
908 5203 991 5256 Mark
1014 5203 1110 5268 Aurel,
1133 5202 1199 5255 sehr
1220 5199 1439 5255 naohdrttcklich
1461 5202 1690 5272 ausgesprochan.

177 5294 201 5365 ¹)
225 5302 284 5368 III,
309 5311 335 5370 4,
363 5311 408 5356 11.
431 5305 484 5371 VI,
509 5311 547 5359 54
572 5305 710 5376 (singulus
733 5307 815 5358 homo
837 5304 883 5376 api
907 5307 936 5358 in
959 5304 1084 5359 examine
1107 5295 1308 5379 comparatur),
1331 5302 1417 5370 VIII,
1442 5309 1489 5356 59.
1513 5303 1567 5368 IX,
1592 5309 1618 5356 9.
1640 5302 1711 5367 XII,
1738 5307 1785 5354 26.
