4058 5656
1009 226 1058 294 11

84 442 218 535 rare.*)
272 426 346 513 Sed
371 467 483 537 porro
512 442 709 531 docemur,
746 441 920 513 homines
947 467 1025 514 non
1051 454 1198 513 tantum
1228 442 1444 539 particulas,
1480 443 1548 517 sed
1575 445 1746 516 membra
1773 451 1866 538 (non
1895 486 1916 543 μ

86 569 152 642 sed
188 573 338 670 μέλη**)
379 570 594 668 systematis
622 594 704 642 esse
731 566 857 664 itaque
886 594 998 663 agere
1026 570 1072 642 iis
1099 584 1285 666 oportere.
1313 568 1463 645 Nemini
1491 572 1539 643 ab
1567 573 1644 642 ullo
1672 571 1825 646 homine
1850 576 1917 646 abs

87 697 174 769 dere
216 724 254 769 se
295 699 382 770 licet·
411 698 499 796 (xl,
527 701 589 789 8),
630 723 716 769 nam
745 723 767 768 a
796 697 976 771 societate
1005 699 1174 770 omnium
1202 725 1241 770 se
1271 711 1456 796 segregat.
1510 697 1593 786 Quo
1622 701 1771 795 saepius
1798 699 1871 772 hoc
1895 703 1918 772 fv

84 849 131 898 co
160 824 348 898 difficilius
373 841 429 898 est
453 824 807 922 reconciliati0.***)
837 825 978 898 Ramus
1005 825 1248 912 abscinditur,
1276 825 1392 897 homo
1417 827 1560 923 ipsese
1588 840 1737 922 separat
1764 852 1786 898 a
1808 829 1919 924 proxi

89 951 177 1023 dum
206 953 285 1025 odit
313 969 349 1025 et
377 968 583 1028 aversatur.

257 1081 312 1152 lta
338 1080 386 1152 M.
416 1083 592 1155 Aurelius
620 1083 743 1155 dicere
772 1096 898 1180 potest
921 1081 1022 1175 (Vll,
1063 1083 1149 1172 31):
1203 1107 1288 1157 ama
1315 1105 1434 1178 genus
1462 1081 1680 1153 humanum.

258 1206 331 1279 Sed
360 1209 472 1282 docet
497 1210 559 1282 ille
585 1236 670 1282 cum
698 1211 833 1283 ceteris
861 1208 998 1285 Stoicis
1027 1208 1305 1283 recentioribus
1328 1208 1512 1305 imprimis
1532 1209 1782 1296 clementiam,
1809 1209 1921 1282 remis

89 1361 175 1407 nem
216 1337 393 1408 vitiorum
435 1349 471 1408 et
498 1351 762 1433 peccatorum,
805 1363 965 1434 aequum
992 1338 1157 1409 animum
1187 1349 1318 1408 contra
1344 1336 1499 1409 iniurias
1528 1347 1564 1409 et
1592 1335 1735 1426 odium,
1777 1360 1922 1431 quumr

90 1463 233 1536 debiles
261 1465 334 1536 sint
361 1463 544 1538 homines.
598 1464 733 1566 Incipit
759 1466 898 1538 librum
925 1464 1134 1538 secundum
1162 1465 1220 1536 his
1247 1464 1392 1537 verbis:
1420 1461 1531 1535 Mane
1560 1463 1777 1559 praedicere
1804 1488 1923 1536 meme

89 1591 172 1663 tibi:
224 1589 348 1662 Hodie
377 1592 542 1664 futurum
572 1604 639 1683 est,
667 1603 708 1666 ut
732 1617 812 1664 rem
831 1592 993 1664 habeam
1013 1618 1099 1666 cum
1114 1594 1263 1665 curioso
1284 1593 1419 1688 alique,
1446 1593 1607 1685 ingrato,
1636 1603 1827 1686 protervo,
1850 1589 1924 1662 dol<

91 1719 232 1809 invido,
274 1720 456 1791 illiberali.
511 1717 734 1793 Obveniunt
774 1721 847 1792 illis
889 1721 1017 1793 omnia
1048 1722 1121 1794 ista
1149 1721 1385 1793 abonorum
1412 1719 1673 1814 malorumque
1703 1719 1862 1791 inscitia.
1914 1717 1925 1790 l

92 1871 200 1938 vero,
241 1872 354 1942 quum
397 1861 434 1919 et
472 1860 646 1920 naturam
687 1849 779 1921 boni
805 1849 941 1940 norim,
967 1847 1068 1945 qnod
1096 1848 1311 1938 honestum,
1339 1848 1512 1943 malique,
1541 1845 1640 1941 quod
1667 1846 1910 1919 inhonestum

92 1975 284 2071 ipsamque
325 1975 420 2047 adeo
463 1975 716 2070 delinquentis
756 1989 947 2068 naturam,
991 1975 1091 2073 quod
1136 2000 1326 2071 congener
1368 1975 1460 2046 mihi
1496 1975 1555 2063 sit,
1596 1986 1777 2045 nontam
1806 1999 1923 2066 sangu

91 2101 272 2193 eiusdem,
298 2127 409 2198 quam
437 2105 573 2176 mentis
602 2129 646 2176 ac
674 2104 860 2199 portionis
888 2103 1039 2177 divinae
1066 2129 1215 2177 mecum
1244 2105 1453 2199 particeps:
1499 2103 1569 2174 nec
1597 2101 1696 2172 laedi
1722 2127 1835 2196 posse
1863 2127 1923 2172 me

90 2229 226 2302 horum
254 2231 330 2301 ullo
359 2244 592 2326 compertum
621 2230 745 2303 habeo
775 2245 843 2304 etc.
896 2293 903 2306 .
955 2292 962 2304 .
1015 2287 1024 2303 .
1078 2231 1126 2303 ad
1153 2245 1302 2303 mutuas
1323 2255 1457 2326 operas
1476 2231 1555 2301 nati
1572 2255 1710 2302 sumus.
1739 2227 1806 2300 Est
1825 2228 1927 2300 homi

90 2356 181 2429 dicit
219 2358 330 2429 nobis
367 2356 449 2448 Vll,
478 2359 538 2450 22,
582 2360 695 2430 etiam
737 2384 804 2431 eos
845 2360 906 2454 qui
935 2359 1145 2450 offendunt,
1173 2383 1315 2448 amare;
1357 2369 1394 2430 et
1421 2358 1493 2431 hoc
1520 2359 1587 2429 fiet
1613 2358 1695 2448 ,dciv
1724 2363 1930 2460 συμπρισπλ

91 2523 153 2578 σοι,
180 2481 232 2566 ἔτι
260 2490 318 2566 καλ
345 2503 592 2584 συγγενεῖς...
620 2492 679 2568 καλ
706 2490 772 2591 ared
800 2489 954 2582 πάντων,
974 2484 1027 2569 ἔτι
1057 2493 1116 2568 ουίι
1145 2488 1295 2586 ἔβλαψέ
1323 2523 1375 2577 σε,
1402 2489 1439 2565 ου’
1465 2487 1540 2588 ’γάρ
1554 2486 1593 2564 τὲ
1609 2484 1803 2588 ἡγεμονικόν
1816 2522 1875 2564 σου
1889 2519 1931 2583 χε

91 2621 243 2706 ἐποίησεν
270 2610 289 2706 ii
315 2615 472 2718 πρόσθεν
500 2611 573 2706 ἧν.“
606 2615 730 2689 Etiam
759 2642 847 2710 erga
875 2617 1029 2714 eosqui
1057 2617 1356 2712 vituperaverint
1383 2627 1447 2687 aut
1475 2614 1634 2703 oderint,
1662 2614 1888 2686 benevolum
1918 2640 1932 2686 e

93 2754 254 2838 oportet,
281 2742 385 2842 φύσει
412 2743 485 2847 γάρ
513 2751 608 2842 φίλοι
638 2743 717 2843 (ΙΧ,
757 2746 872 2839 27)†)
926 2742 1026 2830 Quid
1066 2744 1166 2818 euim
1194 2744 1282 2815 mali
1312 2743 1380 2816 tibi
1400 2744 1599 2836 contigerit
1627 2740 1706 2840 (XI,
1744 2743 1822 2836 13),
1850 2744 1881 2815 si
1900 2769 1933 2839 qr

94 2882 250 2942 naturae
291 2886 377 2944 tuae
422 2874 643 2964 conveniat,
684 2873 802 2946 facis?
842 2874 982 2945 Annon
1020 2873 1272 2970 amplecteris,
1313 2870 1413 2966 quod
1441 2883 1597 2942 naturae
1626 2870 1792 2942 universi
1818 2896 1918 2942 nunc

93 3001 373 3094 tempestivum,
401 3027 513 3095 quum
542 3003 593 3074 sis
621 3000 668 3072 ad
696 3002 769 3074 hoc
795 3003 1039 3095 constitutus,
1082 3013 1123 3074 nt
1150 3000 1187 3071 id
1215 3000 1341 3088 iacias,
1371 2997 1473 3094 quod
1500 2999 1538 3070 in
1566 3024 1765 3071 commune
1794 2998 1935 3072 conduc

255 3126 377 3214 Quum
406 3129 478 3200 iam
508 3128 556 3200 ad
581 3130 697 3201 finem
726 3131 989 3226 explicationis
1016 3140 1169 3202 nostrae
1197 3127 1494 3224 pervenerimus,
1520 3139 1608 3199 ante
1636 3128 1766 3199 oculos
1794 3141 1863 3217 est,
1891 3153 1935 3223 qu

94 3255 278 3325 rationem
306 3255 471 3328 babeant
498 3257 745 3331 fundamenta
772 3258 836 3331 illa
863 3258 1005 3331 ethices
1032 3257 1260 3330 Aurelianae
1291 3254 1337 3325 ad
1365 3267 1486 3326 totam
1514 3252 1661 3326 ethicen
1683 3253 1859 3328 Stoicam.
1913 3252 1936 3326 F

95 3381 264 3475 spicuum
308 3384 406 3454 enim
448 3400 505 3456 est
530 3383 579 3457 M.
608 3386 802 3457 Aurelium
845 3387 1018 3460 ultimum
1061 3386 1163 3458 bunc
1192 3381 1506 3481 philosophorum
1534 3381 1748 3453 Stoicorum
1777 3408 1938 3478 quamqu

95 3520 222 3603 aperte
250 3510 498 3606 philosophus
526 3514 670 3585 activus
689 3514 748 3605 sit,
776 3526 902 3587 tamen
924 3541 1080 3612 prorsus
1099 3517 1136 3588 in
1173 3525 1377 3612 systemate
1410 3512 1565 3600 versari,
1594 3523 1632 3583 et
1663 3511 1812 3606 quidem
1850 3511 1939 3584 scho

96 3660 185 3707 suae
214 3650 427 3734 systemate.
483 3637 565 3741 Hoc
594 3667 678 3713 eum
706 3656 986 3740 transgressum
1014 3669 1097 3716 esse
1125 3643 1229 3716 nullo
1258 3640 1373 3712 modo
1402 3640 1474 3710 dici
1503 3652 1638 3735 potest.

209 3965 243 4040 *J
268 3978 307 4029 At
329 3997 383 4033 non
405 3979 471 4033 licet
499 3981 555 4036 illia
578 3982 703 4053 indigere
725 3985 778 4049 lv,
803 3991 854 4038 29:
878 3981 1007 4056 πτωχός,
1030 3981 1045 4039 o‘
1070 3981 1174 4051 ένδεῆς
1195 3985 1309 4057 ἑτέρον.

197 4065 248 4141 ”l
270 4078 339 4144 VH,
379 4086 431 4135 13:
467 4079 540 4156 αρδς
562 4080 669 4138 {corda
693 4082 830 4150 ααλλάκις
852 4088 950 4159 λέγῃς,
984 4081 1029 4138 ὅτι
1056 4088 1146 4158 μέλος
1169 4085 1228 4158 alpi
1250 4089 1301 4138 τοῦ
1326 4087 1359 4140 έκ
1382 4087 1441 4137 τῶν
1464 4084 1594 4152 λογικῶν
1617 4077 1809 4154 συστήματος.
1834 4077 1887 4135 {dr
1910 4083 1943 4135 δέ

268 4186 359 4253 μέρος
381 4181 458 4235 τλναι
480 4181 586 4238 έαντδν
608 4187 702 4260 λέγῃς,
726 4183 807 4241 οὔπω
829 4183 888 4240 duri
912 4187 1033 4260 καρδίας
1056 4188 1150 4258 φιλεῖς
1169 4190 1237 4245 τοῦς
1258 4181 1445 4260 ἀνθρώπους.

176 4265 245 4342 ***)
267 4279 323 4346 XI,
348 4288 373 4335 8.
406 4285 440 4336 cf.
474 4284 560 4352 VIII,
597 4292 651 4340 84:
686 4288 784 4376 &leurs
814 4305 862 4341 σοι
894 4283 983 4341 πᾶλιν
1015 4289 1126 4341 ένῶσαι
1149 4283 1269 4341 σαυτόν.
1293 4292 1379 4341 τοῦτο
1403 4283 1478 4356 ἄλλῳ
1500 4291 1587 4358 μέρει
1611 4281 1715 4337 οὐδενὶ
1736 4280 1808 4344 dede
1831 4286 1945 4358 lntrpcq

267 4391 451 4457 χωρισθέντι
473 4386 520 4438 καλ
543 4387 724 4456 draconem,
748 4386 835 4444 πάλιν
857 4392 1024 4444 συνελθεῖν.
1047 4385 1118 4444 ἄλλα
1141 4395 1250 4456 σκέψαι
1272 4384 1325 4455 τήν
1347 4382 1542 4462 χρηστότητα,
1565 4379 1582 4462 ᾖ
1606 4395 1740 4459 τετίμηκε
1762 4383 1815 4442 τδν
1831 4382 1945 4458 ἄνδρων

205 4475 246 4552 †)
269 4481 303 4534 V.
327 4501 411 4555 supra
432 4504 494 4556 pag.
520 4493 546 4541 8.
