4058 5656
987 214 1033 283 10

48 440 177 520 ἁπλῶς
203 471 263 515 aar
289 435 478 536 ἐλευθέρως
504 434 564 512 κοιλ
590 425 785 534 οιῖιλημὸνως.
837 429 906 503 Est
932 443 970 504 et
997 431 1072 506 hoc
1098 444 1338 528 spontaneus,
1364 433 1572 507 voluntatis
1599 458 1709 524 usus,
1747 434 1815 507 sed
1843 461 1962 532 quum

47 580 126 638 tam
154 576 305 637 strenue
333 561 469 632 doceat
496 570 627 631 auctor
654 572 786 631 noster
817 559 1003 630 rat-ionem
1035 558 1200 631 hominis
1237 559 1350 632 rebus
1383 561 1559 634 omnibus
1586 563 1802 634 consentire
1821 576 1888 638 aut
1905 563 1963 634 uti

49 693 121 765 illis
148 715 259 788 posse
288 690 336 787 (v.
364 712 477 784 supra
503 712 586 783 pag.
615 688 635 756 7
678 685 811 783 seq.)*)
840 712 917 758 non
945 687 1057 781 plane
1085 687 1157 759 sibi
1185 699 1365 761 constans
1393 712 1476 759 esse
1505 687 1665 761 videtur.

210 819 248 909 β.
276 815 326 889 Ut
344 816 512 907 rationis,
531 815 584 886 ita
605 815 810 887 voluntatis
829 839 977 911 quoque
995 815 1157 886 liberum
1175 839 1284 886 usum
1299 815 1467 911 postulat
1482 813 1529 887 M.
1544 817 1736 889 Aurelius:
1777 815 1868 915 (Vll,
1884 816 1964 913 67).

50 947 135 1023 Non
164 948 216 1019 ita
251 958 288 1017 te
320 944 409 1016 fecit
434 957 590 1032 natura,
631 954 673 1014 ut
699 943 768 1014 tibi
794 942 979 1014 terminos
1005 941 1122 1035 figere
1150 953 1188 1015 et
1215 941 1340 1013 officia
1366 954 1432 1013 tua
1459 967 1525 1038 per
1553 958 1590 1016 te
1618 946 1755 1040 exequi
1781 969 1963 1041 nequeas.

52 1077 115 1176 (V,
158 1077 231 1170 19).
271 1072 346 1145 Res
385 1074 488 1167 ipsae
528 1071 633 1142 nulla
674 1071 822 1142 ratione
862 1071 1026 1142 animam
1054 1071 1253 1165 attingunt,
1281 1095 1401 1165 neque
1428 1082 1575 1157 mutare
1602 1097 1685 1145 eam
1714 1085 1779 1145 aut
1803 1096 1963 1160 movere

51 1216 231 1303 possunt3
268 1203 351 1299 ipsa
390 1201 472 1271 sola
511 1223 594 1270 sese
624 1210 749 1270 mutat
772 1210 985 1293 movetque.
1039 1195 1174 1284 Qualia
1200 1197 1352 1269 decreta
1379 1223 1447 1270 sua
1473 1199 1627 1289 fuerint,
1667 1199 1757 1270 talia
1782 1200 1873 1279 fecit
1898 1198 1966 1273 ad·

52 1332 209 1407 ventitia
244 1353 419 1425 quaeque.
472 1325 578 1418 (Vlll,
619 1327 666 1396 35
678 1323 702 1421 z)
744 1323 849 1396 Sicut
883 1326 1047 1421 reliquas
1074 1327 1271 1397 facultates
1299 1325 1538 1397 rationalium
1579 1326 1875 1422 unumquodque
1912 1328 1963 1401 ab

53 1460 219 1534 universi
247 1472 379 1531 natura
409 1457 563 1550 accepit,
591 1454 642 1527 ita
662 1454 759 1525 hano
777 1478 848 1526 nos
868 1455 915 1525 ab
938 1479 982 1526 ea
1000 1454 1219 1544 facultatem
1238 1455 1468 1549 accepimus:
1496 1453 1609 1549 quod,
1637 1454 1962 1553 quemadmodum

52 1591 126 1679 illa,
157 1585 329 1683 quicquid
359 1584 485 1657 obstat
510 1597 548 1654 et
574 1581 758 1673 renititur,
785 1583 824 1653 in
852 1607 962 1655 usum
990 1607 1100 1654 suum
1127 1582 1383 1653 circumvertit
1410 1595 1447 1653 et
1473 1582 1511 1652 in
1535 1581 1612 1652 fato
1632 1581 1808 1678 disponit,
1836 1584 1965 1682 itaque

54 1731 199 1815 partem
227 1715 284 1787 sui
310 1711 452 1800 reddit;
480 1711 533 1782 ita
560 1723 597 1780 et
624 1709 763 1781 animal
790 1710 976 1782 rationale
1004 1735 1061 1782 errx
1079 1708 1349 1806 impedimento
1378 1710 1480 1780 omni
1509 1713 1703 1781 materiam
1734 1735 1862 1783 creare
1890 1711 1966 1809 sibi

54 1846 185 1945 possit,
215 1867 333 1938 eoque
361 1841 414 1912 uti
443 1838 491 1910 ad
516 1837 554 1908 id
582 1835 683 1934 quod
708 1836 997 1928 intenderat.**)
1050 1839 1235 1911 Animans
1261 1839 1408 1913 ratione
1438 1861 1594 1932 compos
1622 1839 1734 1909 etiam
1763 1840 1800 1921 in
1825 1839 1896 1945 hac
1921 1865 1968 1945 pp

53 1976 196 2049 bonum
225 1972 362 2066 eligere
391 1967 504 2039 debet
531 1971 582 2057 (v.
611 1988 725 2060 supra
753 1988 835 2060 pag.
864 1967 915 2056 7).

212 2100 247 2171 b.
276 2096 400 2184 Quum
440 2097 645 2169 animantia
682 2095 883 2168 rationalia
922 2094 969 2166 ab
1010 2118 1086 2168 una
1117 2094 1323 2192 eademque
1355 2094 1567 2194 snbstantia
1599 2105 1682 2165 orta
1713 2092 1798 2182 sint,
1843 2119 1964 2191 quum

57 2257 131 2303 una
165 2230 247 2322 lege
288 2237 491 2319 regantur,
532 2250 645 2319 quum
675 2235 837 2319 cognata
863 2237 974 2319 atque
1005 2223 1064 2314 sui
1092 2223 1255 2309 invicem
1284 2222 1404 2319 gratia
1432 2246 1453 2292 a
1479 2233 1614 2292 natura
1643 2221 1809 2291 universi
1836 2235 1971 2292 creata

57 2338 336 2448 sint-officium
363 2377 495 2424 eorum
522 2364 580 2424 est
605 2350 678 2423 sibi
704 2362 837 2423 mutuo
865 2348 1163 2441 consulere***),
1190 2351 1411 2446 societatem
1437 2351 1536 2421 inter
1563 2373 1603 2420 se
1630 2349 1735 2420 inire.
1763 2328 1771 2333 .,

218 2481 322 2569 Quae
350 2481 513 2553 societas
540 2478 682 2575 duplex
710 2489 785 2550 est:

307 2644 344 2693 a.
373 2608 535 2689 societas
562 2606 694 2697 civilis,

307 2739 347 2828 β.
374 2736 537 2807 societas
563 2735 732 2825 interior,
761 2735 911 2824 animos
938 2733 1135 2807 hominum
1159 2758 1295 2826 regens
1322 2731 1447 2830 itaque
1475 2759 1583 2806 amor
1610 2734 1862 2839 homiuumt)

228 2900 264 2946 ω.
293 2863 353 2936 Ad
381 2861 592 2934 doctrinam
618 2861 741 2952 illam,
784 2861 991 2945 animantia
1017 2862 1218 2956 rationalia
1247 2862 1350 2947 cives
1378 2887 1472 2951 esse,
1499 2862 1682 2959 imprimis
1709 2860 1969 2937 excolendam

58 2993 307 3094 philosophus
333 3002 464 3065 noster
491 2990 651 3085 imperio
680 3002 717 3062 et
744 3013 900 3062 munere
928 3014 997 3062 suo
1026 2988 1210 3065 adductus
1240 3013 1323 3081 esse
1347 2988 1505 3067 uidetur.

230 3118 448 3193 Animantia
496 3117 696 3189 rationalia
736 3117 788 3203 ita
826 3116 1040 3192 actionibus
1080 3118 1255 3214 supplere
1292 3143 1333 3193 se
1369 3117 1526 3209 debent,
1572 3130 1613 3190 ut
1654 3119 1844 3191 civitatem
1881 3143 1973 3197 con·

57 3248 306 3339 ·stituant;††)
345 3245 521 3326 πολιτικὸν
560 3245 727 3346 σύστημα
769 3245 835 3341 (lll,
863 3250 903 3337 4)
944 3258 1041 3318 sunt.
1095 3246 1208 3342 Apud
1249 3272 1294 3319 ea
1333 3247 1504 3319 civitates
1532 3260 1637 3335 sunt,
1678 3247 1862 3341 familiae,
1882 3271 1974 3329 eon·

60 3389 215 3466 ventus,
255 3375 317 3448 vel
355 3376 394 3445 in
422 3373 523 3446 bello
562 3373 719 3445 foedera
746 3386 785 3445 et
810 3372 985 3449 induciae
1012 3372 1091 3471 (IX,
1119 3375 1168 3469 9).
1221 3375 1278 3447 lta
1318 3387 1420 3448 totus
1448 3374 1611 3447 mundus
1638 3399 1714 3447 uua
1741 3376 1874 3447 civitas
1898 3389 1973 3469 est.

61 3504 123 3579 Sic
150 3503 200 3576 M.
228 3503 417 3591 Aurelius,
445 3526 560 3598 quum
586 3503 803 3575 Antoninus
825 3502 889 3594 sit,
918 3501 1077 3596 patriam
1107 3528 1213 3579 suam
1242 3501 1402 3575 Romam
1431 3504 1607 3598 appellat,
1636 3527 1750 3599 quum
1778 3504 1826 3577 sit
1849 3502 1968 3575 homo

56 3632 244 3706 mundum
273 3628 354 3728 (IV,
382 3630 458 3727 llll).

229 3761 269 3850 β.
296 3757 502 3850 Homines,
541 3782 656 3854 quum
684 3755 853 3839 eiusdem
879 3758 1037 3831 rationis
1061 3759 1261 3841 nobiscum
1288 3759 1491 3856 participes
1519 3761 1604 3848 sint,
1631 3774 1822 3856 tamquam
1849 3760 1972 3853 socie-

60 3900 138 3963 tate
167 3887 388 3960 coniunctos
416 3883 727 3981 habeamus.†††)
753 3883 919 3972 Naturae
946 3885 1134 3961 humanae
1162 3900 1460 3981 consentaneum
1486 3900 1544 3962 est
1573 3911 1705 3961 ornnes
1719 3885 1895 3959 homines
1911 3911 1974 3960 cu·

64 4087 487 4102 u—-n———n—-n—-nu—-fl

180 4287 208 4361 r)
230 4295 265 4348 er.
288 4294 375 4358 v111,
400 4299 448 4347 as.

160 4387 211 4471 **)
234 4397 270 4451 cf.
292 4394 351 4461 XI,
374 4400 426 4447 86:
452 4391 567 4469 Λῃστῆς
589 4403 789 4471 προαιρέσεως
810 4393 845 4450 οὔ
867 4406 981 4466 γίνεται
1002 4396 1164 4463 (secundum
1187 4386 1369 4471 Epictetum).

139 4489 215 4568 m)
238 4497 294 4562 IX,
335 4504 367 4550 1:
394 4502 451 4563 Τῆς
483 4493 541 4572 γοὲρ
572 4502 631 4550 τῶν
654 4494 731 4550 ὅλοιν
765 4493 882 4569 φύσεως
914 4506 1157 4556 κατεσκευακυίας
1179 4493 1213 4550 τοὶ
1235 4494 1338 4568 λογικοὶ
1363 4501 1421 4559 ζῶα
1454 4499 1556 4551 ἕνεκεν
1577 4491 1717 4561 ἅλλῆλων,
1743 4490 1816 4548 ὥστε
1841 4491 1976 4566 ῶφελεῒν

233 4599 291 4669 μὲν
313 4594 419 4663 ἄλληλα
442 4594 501 4650 κατ’
523 4594 618 4664 ἀξίαν,
639 4594 779 4666 βλάπτειν
803 4600 835 4652 δὲ
858 4601 1013 4673 μηδαμῶς,
1036 4595 1051 4652 ὅ
1076 4595 1108 4653 zo*
1131 4594 1263 4671 βούλημα
1286 4595 1387 4665 ταύτης
1410 4606 1610 4673 παραβαίνων,
1633 4595 1735 4665 ἀσεβεῖ
1755 4593 1898 4663 δηλονότι
1922 4601 1981 4658 εἰς·

235 4695 289 4766 τήν
313 4695 514 4772 πρεσβυτάτην
536 4703 595 4772 τῶν
617 4704 708 4752 θεῶν.

172 4793 211 4878 †)
235 4800 374 4864 Zeller,
398 4801 417 4856 l.
441 4819 474 4865 ω,
498 4819 527 4870 p.
555 4806 611 4853 267
637 4819 693 4872 sq.:
729 4801 782 4854 Die
805 4808 935 4871 sptteren
958 4802 1070 4856 Stoiker
1093 4804 1252 4866 besonders,
1276 4803 1320 4856 eiu
1342 4804 1455 4868 Seneca,
1478 4802 1599 4873 Epictet,
1616 4801 1700 4854 Mark
1715 4799 1977 4864 Aurel,Musonius

235 4903 298 4956 sind
320 4920 358 4967 es,
383 4903 428 4956 bei
451 4904 573 4956 walchen
595 4920 646 4955 uns
669 4902 746 4956 diese
768 4903 845 4957 Seite
867 4904 917 4956 der
938 4903 1078 4957 stoisohen
1101 4902 1270 4957 Sittenlehre
1292 4904 1507 4974 entgegentritt.

146 4995 210 5072 ††)
234 5003 288 5069 IX,
326 5009 378 5056 23:
394 4999 506 5076 Ὥσπερ
535 4998 622 5062 atris
645 4996 680 5055 ori
704 5005 855 5072 πολιτικοῦ
878 5000 1056 5076 σιστὴματος
1078 5000 1321 5078 σομπληρωτικδς
1344 5003 1380 5072 εἴ,
1405 5001 1496 5063 οὕτως
1519 5006 1566 5057 καὶ
1590 5010 1668 5058 πᾶσα
1691 5005 1795 5077 πρᾶξίς
1817 5021 1871 5082 qao
1896 5021 1978 5078 σαμ-

237 5102 400 5179 πληρωιικὴ
424 5107 497 5158 ι”σιω
524 5107 598 5172 ζωῆς
621 5107 778 5172 πολιτικῆς.

115 5196 208 5281 †††)
232 5208 283 5270 Vl,
308 5213 360 5262 23:
399 5211 461 5266 τοῖς
483 5208 515 5260 δὲ
538 5204 720 5280 ἀνθρώποις,
743 5205 782 5269 ῶς
803 5203 894 5276 λόγον
918 5209 1053 5279 ἔχουσιν,
1075 5212 1142 5280 χρῶ
1166 5211 1356 5267 κοινωνικῶς.
1391 5207 1426 5260 ol.
1449 5206 1502 5272 VI,
1530 5213 1585 5259 14:
1620 5202 1635 5258 ὅ
1659 5203 1713 5273 τήν
1745 5207 1848 5260 ἑαυτοῦ
1873 5205 1982 5280 papir

239 5312 365 5381 λογικῶς
396 5311 443 5364 καλ
477 5316 658 5369 κοινωνικῶς
681 5316 813 5382 ἔχουσαν
837 5339 875 5348 --
901 5305 1052 5379 διασώζει,
1075 5310 1122 5364 καλ
1144 5314 1183 5381 τῷ
1207 5306 1351 5382 ὅμογενεῖ
1371 5312 1412 5368 εἷς
1433 5313 1517 5362 τοῦτο
1543 5315 1690 5389 συνεργεῖ.
